{
    "stores": [
        {
            "name": "Coop_Brezno",
            "articles": [
                {
                    "_id": "66d138c397383bca0045c1ad",
                    "sku": "115631",
                    "store": "511",
                    "ean": "8445291337992",
                    "category": "ČOKOLÁDA TABUĽOVÁ",
                    "name": "Študentská pečať Orion ml. caramel a oriešky 235g",
                    "price": "2.69",
                    "price_30days": "3.56",
                    "unit_price": "11.447",
                    "sale_price": "",
                    "sale_unit_price": "0.000",
                    "coop_card_price": "2.19",
                    "coop_card_unit_price": "9.319",
                    "unit_price_ratio": "0.235",
                    "unit_measure": "kg",
                    "unit_price_unit_measure": "kg",
                    "mnozstvo_zvyhodnene": "0",
                    "mnozstvo_nasobky": false,
                    "zlava_na_kartu": true,
                    "discount_percentage": "0.00",
                    "package": "14.00",
                    "supplier": "LOGISTICKÉ CENTRUM STRED, a.s.",
                    "description": "",
                    "grade": "",
                    "alergens": "",
                    "action_type": "2420A",
                    "pricelist_name": "",
                    "price_valid_from": "02.10.2024 13:47",
                    "price_valid_to": "02.10.2024 23:59",
                    "valid": "1",
                    "dual_price": "",
                    "supplier_city": "Krupina",
                    "product_group": "32",
                    "category_coop": "3.2.1.1.01",
                    "manufacturer_number": "855",
                    "manufacturer": "Nestlé Slovensko s.r.o.",
                    "manufacturer_city": "Prievidza",
                    "brand": "",
                    "consumption_date": "",
                    "rp_price": "",
                    "typ_template": "",
                    "typ_action": "karta",
                    "isPackaged": false,
                    "template": "default",
                    "tempo": true,
                    "createdAt": "2024-08-30T03:13:07.403Z",
                    "updatedAt": "2024-10-02T11:47:14.716Z"
                },
                {
                    "_id": "64f80f56e2535c02f9019b0c",
                    "sku": "54216",
                    "store": "511",
                    "ean": "8586017257108",
                    "category": "SÓJOVÉ PRODUKTY CHLADENÉ",
                    "name": "Tofu sausages-párky jemné 200g",
                    "price": "2.99",
                    "unit_price": "14.950",
                    "sale_price": "2.19",
                    "sale_unit_price": "10.950",
                    "coop_card_price": "",
                    "coop_card_unit_price": "0.000",
                    "unit_price_ratio": "0.200",
                    "unit_measure": "kg",
                    "unit_price_unit_measure": "kg",
                    "discount_percentage": "26.76",
                    "package": "10.00",
                    "supplier": "LOGISTICKÉ CENTRUM STRED, a.s.",
                    "description": "",
                    "grade": "",
                    "alergens": "",
                    "action_type": "",
                    "pricelist_name": "",
                    "price_valid_from": "02.10.2024 13:47",
                    "price_valid_to": "",
                    "valid": "1",
                    "dual_price": "",
                    "supplier_city": "Krupina",
                    "product_group": "31",
                    "category_coop": "3.1.1.3.02",
                    "manufacturer_number": "380",
                    "manufacturer": "ALFA BIO s.r.o.",
                    "manufacturer_city": "Banská Bystrica",
                    "brand": "N",
                    "consumption_date": "",
                    "rp_price": "",
                    "typ_template": "",
                    "typ_action": "",
                    "template": "default",
                    "tempo": true,
                    "createdAt": "2023-11-24T05:26:31.605Z",
                    "updatedAt": "2024-10-02T11:47:14.715Z",
                    "isPackaged": false,
                    "mnozstvo_zvyhodnene": "0",
                    "mnozstvo_nasobky": false,
                    "zlava_na_kartu": false,
                    "price_30days": ""
                },
                {
                    "_id": "64f80f5ce2535c02f901b03c",
                    "sku": "63137",
                    "store": "511",
                    "ean": "8593893774001",
                    "category": "ČOKOLÁDA TABUĽOVÁ",
                    "name": "Študentská pečať Orion mliečna 260g",
                    "price": "2.69",
                    "unit_price": "10.346",
                    "sale_price": "",
                    "sale_unit_price": "0.000",
                    "coop_card_price": "2.19",
                    "coop_card_unit_price": "8.423",
                    "unit_price_ratio": "0.260",
                    "unit_measure": "kg",
                    "unit_price_unit_measure": "kg",
                    "discount_percentage": "0.00",
                    "package": "12.00",
                    "supplier": "LOGISTICKÉ CENTRUM STRED, a.s.",
                    "description": "",
                    "grade": "",
                    "alergens": "",
                    "action_type": "2420A",
                    "pricelist_name": "",
                    "price_valid_from": "02.10.2024 13:47",
                    "price_valid_to": "02.10.2024 23:59",
                    "valid": "1",
                    "dual_price": "",
                    "supplier_city": "Krupina",
                    "product_group": "32",
                    "category_coop": "3.2.1.1.01",
                    "manufacturer_number": "855",
                    "manufacturer": "Nestlé Slovensko s.r.o.",
                    "manufacturer_city": "Prievidza",
                    "brand": "D",
                    "consumption_date": "",
                    "rp_price": "0.15",
                    "typ_template": "",
                    "typ_action": "karta",
                    "template": "default",
                    "tempo": true,
                    "createdAt": "2024-01-02T03:09:29.602Z",
                    "updatedAt": "2024-10-02T11:47:14.714Z",
                    "isPackaged": false,
                    "mnozstvo_zvyhodnene": "0",
                    "mnozstvo_nasobky": false,
                    "zlava_na_kartu": true,
                    "price_30days": "4.69"
                },
                {
                    "_id": "64f80f5be2535c02f901ac82",
                    "sku": "61374",
                    "store": "511",
                    "ean": "8586000411210",
                    "category": "SYRY TAVENÉ OCHUTENÉ",
                    "name": "Syr Karička črievko s čili 100g",
                    "price": "1.00",
                    "unit_price": "10.000",
                    "sale_price": "0.60",
                    "sale_unit_price": "6.000",
                    "coop_card_price": "",
                    "coop_card_unit_price": "0.000",
                    "unit_price_ratio": "0.100",
                    "unit_measure": "kg",
                    "unit_price_unit_measure": "kg",
                    "discount_percentage": "40.00",
                    "package": "48.00",
                    "supplier": "LOGISTICKÉ CENTRUM STRED, a.s.",
                    "description": "",
                    "grade": "",
                    "alergens": "",
                    "action_type": "2420B",
                    "pricelist_name": "",
                    "price_valid_from": "02.10.2024 13:47",
                    "price_valid_to": "02.10.2024 23:59",
                    "valid": "1",
                    "dual_price": "",
                    "supplier_city": "Krupina",
                    "product_group": "12",
                    "category_coop": "1.2.2.1.02",
                    "manufacturer_number": "1895",
                    "manufacturer": "SYRÁREŇ BEL SLOVENSKO a.s.",
                    "manufacturer_city": "Michalovce",
                    "brand": "",
                    "consumption_date": "",
                    "rp_price": "",
                    "typ_template": "",
                    "typ_action": "akcia",
                    "template": "default",
                    "tempo": true,
                    "createdAt": "2024-01-22T10:09:20.665Z",
                    "updatedAt": "2024-10-02T11:47:14.713Z",
                    "isPackaged": false,
                    "mnozstvo_zvyhodnene": "0",
                    "mnozstvo_nasobky": false,
                    "zlava_na_kartu": false,
                    "price_30days": "1.10"
                },
                {
                    "_id": "64f80f4ae2535c02f9017179",
                    "sku": "3388",
                    "store": "511",
                    "ean": "283388",
                    "category": "ČERVENÉ M.NEBAL.BRAVČOVÉ",
                    "name": "Krkovička brav. BK voľná",
                    "price": "6.75",
                    "unit_price": "6.750",
                    "sale_price": "3.57",
                    "sale_unit_price": "3.570",
                    "coop_card_price": "",
                    "coop_card_unit_price": "0.000",
                    "unit_price_ratio": "1.000",
                    "unit_measure": "kg",
                    "unit_price_unit_measure": "kg",
                    "discount_percentage": "47.11",
                    "package": "1.00",
                    "supplier": "DIAMON Slovakia, s.r.o.",
                    "description": "červené mäso bravčové",
                    "grade": "červené mäso bravčové",
                    "alergens": "neobsahuje alergény",
                    "action_type": "CV144",
                    "pricelist_name": "",
                    "price_valid_from": "02.10.2024 13:09",
                    "price_valid_to": "08.10.2024 23:59",
                    "valid": "1",
                    "dual_price": "7.36",
                    "supplier_city": "Poprad",
                    "product_group": "11",
                    "category_coop": "1.1.1.2.02",
                    "manufacturer_number": "3521",
                    "manufacturer": "DIAMON Slovakia, s.r.o.",
                    "manufacturer_city": "Poprad",
                    "brand": "",
                    "consumption_date": "",
                    "rp_price": "",
                    "typ_template": "cerstve_maso",
                    "typ_action": "dnc",
                    "template": "default",
                    "tempo": true,
                    "createdAt": "2024-02-05T12:04:05.248Z",
                    "updatedAt": "2024-10-02T11:09:50.011Z",
                    "isPackaged": true,
                    "expiration_date": "03.10.2024 12:41",
                    "expiration_date_ts": "1727952060",
                    "open_date": "02.10.2024 12:41",
                    "mnozstvo_zvyhodnene": "0",
                    "mnozstvo_nasobky": false,
                    "zlava_na_kartu": false,
                    "price_30days": "8.99"
                },
                {
                    "_id": "64f80f4ae2535c02f901716c",
                    "sku": "3369",
                    "store": "511",
                    "ean": "283369",
                    "category": "ČERVENÉ M.NEBAL.BRAVČOVÉ",
                    "name": "Stehno brav.BK voľné 4D",
                    "price": "5.19",
                    "unit_price": "5.190",
                    "sale_price": "2.60",
                    "sale_unit_price": "2.600",
                    "coop_card_price": "",
                    "coop_card_unit_price": "0.000",
                    "unit_price_ratio": "1.000",
                    "unit_measure": "kg",
                    "unit_price_unit_measure": "kg",
                    "discount_percentage": "49.90",
                    "package": "1.00",
                    "supplier": "DIAMON Slovakia, s.r.o.",
                    "description": "čerstvé mäso bravčové",
                    "grade": "čerstvé mäso bravčové",
                    "alergens": "neobsahuje alergény",
                    "action_type": "CV124",
                    "pricelist_name": "",
                    "price_valid_from": "02.10.2024 09:03",
                    "price_valid_to": "31.12.2024 23:59",
                    "valid": "1",
                    "dual_price": "5.66",
                    "supplier_city": "Poprad",
                    "product_group": "11",
                    "category_coop": "1.1.1.2.02",
                    "manufacturer_number": "3521",
                    "manufacturer": "DIAMON Slovakia, s.r.o.",
                    "manufacturer_city": "Poprad",
                    "brand": "",
                    "consumption_date": "",
                    "rp_price": "",
                    "typ_template": "cerstve_maso",
                    "typ_action": "dnc",
                    "template": "default",
                    "tempo": true,
                    "createdAt": "2024-02-01T11:19:06.630Z",
                    "updatedAt": "2024-10-02T10:34:13.734Z",
                    "isPackaged": true,
                    "expiration_date": "03.10.2024 12:42",
                    "expiration_date_ts": "1727952120",
                    "open_date": "02.10.2024 12:42",
                    "mnozstvo_zvyhodnene": "0",
                    "mnozstvo_nasobky": false,
                    "zlava_na_kartu": false,
                    "price_30days": "7.59"
                },
                {
                    "_id": "64f80f4ae2535c02f901717b",
                    "sku": "3390",
                    "store": "511",
                    "ean": "283390",
                    "category": "ČERVENÉ M.BAL.BRAVČOVÉ",
                    "name": "Bôčik BK",
                    "price": "5.52",
                    "unit_price": "5.520",
                    "sale_price": "2.99",
                    "sale_unit_price": "2.990",
                    "coop_card_price": "",
                    "coop_card_unit_price": "0.000",
                    "unit_price_ratio": "1.000",
                    "unit_measure": "kg",
                    "unit_price_unit_measure": "kg",
                    "discount_percentage": "45.83",
                    "package": "1.00",
                    "supplier": "DIAMON Slovakia, s.r.o.",
                    "description": "červené mäso bravčové balené",
                    "grade": "červené mäso bravčové balené",
                    "alergens": "neobsahuje alergény",
                    "action_type": "CV144",
                    "pricelist_name": "",
                    "price_valid_from": "28.09.2024 07:39",
                    "price_valid_to": "08.10.2024 23:59",
                    "valid": "1",
                    "dual_price": "6.02",
                    "supplier_city": "Poprad",
                    "product_group": "11",
                    "category_coop": "1.1.1.1.02",
                    "manufacturer_number": "3521",
                    "manufacturer": "DIAMON Slovakia, s.r.o.",
                    "manufacturer_city": "Poprad",
                    "brand": "",
                    "consumption_date": "",
                    "rp_price": "",
                    "typ_template": "cerstve_maso",
                    "typ_action": "dnc",
                    "template": "default",
                    "tempo": true,
                    "createdAt": "2024-02-05T12:04:05.248Z",
                    "updatedAt": "2024-10-02T10:34:02.839Z",
                    "isPackaged": true,
                    "expiration_date": "05.10.2024 12:42",
                    "expiration_date_ts": "1728124920",
                    "open_date": "02.10.2024 12:42",
                    "mnozstvo_zvyhodnene": "0",
                    "mnozstvo_nasobky": false,
                    "zlava_na_kartu": false,
                    "price_30days": "7.99"
                },
                {
                    "_id": "64f80f4ae2535c02f90172c7",
                    "sku": "4247",
                    "store": "511",
                    "ean": "284247",
                    "category": "ČERVENÉ M.NEBAL.BRAVČOVÉ",
                    "name": "Karé bravčové BK voľné",
                    "price": "5.94",
                    "unit_price": "5.940",
                    "sale_price": "2.99",
                    "sale_unit_price": "2.990",
                    "coop_card_price": "",
                    "coop_card_unit_price": "0.000",
                    "unit_price_ratio": "1.000",
                    "unit_measure": "kg",
                    "unit_price_unit_measure": "kg",
                    "discount_percentage": "49.66",
                    "package": "1.00",
                    "supplier": "DIAMON Slovakia, s.r.o.",
                    "description": "červené mäso bravčové balené",
                    "grade": "červené mäso bravčové balené",
                    "alergens": "neobsahuje alergény",
                    "action_type": "CV144",
                    "pricelist_name": "",
                    "price_valid_from": "02.10.2024 09:03",
                    "price_valid_to": "08.10.2024 23:59",
                    "valid": "1",
                    "dual_price": "6.48",
                    "supplier_city": "Poprad",
                    "product_group": "11",
                    "category_coop": "1.1.1.2.02",
                    "manufacturer_number": "3521",
                    "manufacturer": "DIAMON Slovakia, s.r.o.",
                    "manufacturer_city": "Poprad",
                    "brand": "",
                    "consumption_date": "",
                    "rp_price": "",
                    "typ_template": "cerstve_maso",
                    "typ_action": "dnc",
                    "template": "default",
                    "tempo": true,
                    "createdAt": "2024-02-01T04:03:43.687Z",
                    "updatedAt": "2024-10-02T10:33:46.511Z",
                    "isPackaged": true,
                    "expiration_date": "03.10.2024 12:41",
                    "expiration_date_ts": "1727952060",
                    "open_date": "02.10.2024 12:41",
                    "mnozstvo_zvyhodnene": "0",
                    "mnozstvo_nasobky": false,
                    "zlava_na_kartu": false,
                    "price_30days": "7.13"
                },
                {
                    "_id": "64f80f4ae2535c02f901716e",
                    "sku": "3371",
                    "store": "511",
                    "ean": "283371",
                    "category": "ČERVENÉ M.NEBAL.BRAVČOVÉ",
                    "name": "Plece bravčové voľné",
                    "price": "4.93",
                    "unit_price": "4.930",
                    "sale_price": "2.47",
                    "sale_unit_price": "2.470",
                    "coop_card_price": "",
                    "coop_card_unit_price": "0.000",
                    "unit_price_ratio": "1.000",
                    "unit_measure": "kg",
                    "unit_price_unit_measure": "kg",
                    "discount_percentage": "49.90",
                    "package": "1.00",
                    "supplier": "DIAMON Slovakia, s.r.o.",
                    "description": "čerstvé mäso bravčové",
                    "grade": "čerstvé mäso bravčové",
                    "alergens": "neobsahuje alergény",
                    "action_type": "CV124",
                    "pricelist_name": "",
                    "price_valid_from": "27.09.2024 08:11",
                    "price_valid_to": "31.12.2024 23:59",
                    "valid": "1",
                    "dual_price": "5.38",
                    "supplier_city": "Poprad",
                    "product_group": "11",
                    "category_coop": "1.1.1.2.02",
                    "manufacturer_number": "3521",
                    "manufacturer": "DIAMON Slovakia, s.r.o.",
                    "manufacturer_city": "Poprad",
                    "brand": "",
                    "consumption_date": "",
                    "rp_price": "",
                    "typ_template": "cerstve_maso",
                    "typ_action": "dnc",
                    "template": "default",
                    "tempo": true,
                    "createdAt": "2024-02-05T12:04:05.248Z",
                    "updatedAt": "2024-10-02T10:33:22.005Z",
                    "isPackaged": true,
                    "expiration_date": "03.10.2024 12:41",
                    "expiration_date_ts": "1727952060",
                    "open_date": "02.10.2024 12:41",
                    "mnozstvo_zvyhodnene": "0",
                    "mnozstvo_nasobky": false,
                    "zlava_na_kartu": false,
                    "price_30days": "7.50"
                },
                {
                    "_id": "64f80f4ae2535c02f9017105",
                    "sku": "3154",
                    "store": "511",
                    "ean": "283154",
                    "category": "SALÁMY A KLOBÁSY",
                    "name": "Saláma holandská so syrom",
                    "price": "0.87",
                    "unit_price": "8.700",
                    "sale_price": "",
                    "sale_unit_price": "0.000",
                    "coop_card_price": "",
                    "coop_card_unit_price": "0.000",
                    "unit_price_ratio": "1.000",
                    "unit_measure": "100g",
                    "unit_price_unit_measure": "kg",
                    "discount_percentage": "0.00",
                    "package": "1.00",
                    "supplier": "TAURIS, a.s.",
                    "description": "Mäkký mäsový výrobok",
                    "grade": "Mäkký mäsový výrobok",
                    "alergens": "obsahuje: alergény č. 7",
                    "action_type": "",
                    "pricelist_name": "",
                    "price_valid_from": "21.08.2024 10:13",
                    "price_valid_to": "",
                    "valid": "1",
                    "dual_price": "",
                    "supplier_city": "Rimavská Sobota",
                    "product_group": "13",
                    "category_coop": "1.3.1.2.01",
                    "manufacturer_number": "2688",
                    "manufacturer": "TAURIS, a.s.",
                    "manufacturer_city": "Rimavská Sobota",
                    "brand": "",
                    "consumption_date": "",
                    "rp_price": "",
                    "typ_template": "masove_vyrobky",
                    "typ_action": "",
                    "template": "default",
                    "tempo": true,
                    "createdAt": "2023-10-16T08:39:27.042Z",
                    "updatedAt": "2024-10-02T10:32:54.929Z",
                    "isPackaged": true,
                    "expiration_date": "04.10.2024 12:41",
                    "expiration_date_ts": "1728038460",
                    "open_date": "02.10.2024 12:41",
                    "mnozstvo_zvyhodnene": "0",
                    "mnozstvo_nasobky": false,
                    "zlava_na_kartu": false,
                    "price_30days": ""
                },
                {
                    "_id": "64f80f4ce2535c02f90177a0",
                    "sku": "6522",
                    "store": "511",
                    "ean": "286522",
                    "category": "ŠPECIALITY (SEKANÁ, JATERNICE,",
                    "name": "Luncheon meat bravčový cca 1300 g",
                    "price": "1.18",
                    "unit_price": "11.830",
                    "sale_price": "",
                    "sale_unit_price": "0.000",
                    "coop_card_price": "",
                    "coop_card_unit_price": "0.000",
                    "unit_price_ratio": "1.000",
                    "unit_measure": "100g",
                    "unit_price_unit_measure": "kg",
                    "discount_percentage": "0.00",
                    "package": "0.00",
                    "supplier": "DIAMON Slovakia, s.r.o.",
                    "description": "mäkký mäsový výrobok",
                    "grade": "mäkký mäsový výrobok",
                    "alergens": "neobsahule alergény",
                    "action_type": "",
                    "pricelist_name": "",
                    "price_valid_from": "02.10.2024 05:06",
                    "price_valid_to": "",
                    "valid": "1",
                    "dual_price": "",
                    "supplier_city": "Poprad",
                    "product_group": "13",
                    "category_coop": "1.3.1.2.09",
                    "manufacturer_number": "3521",
                    "manufacturer": "DIAMON Slovakia, s.r.o.",
                    "manufacturer_city": "Poprad",
                    "brand": "",
                    "consumption_date": "",
                    "rp_price": "",
                    "typ_template": "masove_vyrobky",
                    "typ_action": "",
                    "template": "default",
                    "tempo": true,
                    "createdAt": "2024-01-30T03:32:35.734Z",
                    "updatedAt": "2024-10-02T10:32:45.679Z",
                    "isPackaged": true,
                    "expiration_date": "04.10.2024 12:40",
                    "expiration_date_ts": "1728038400",
                    "open_date": "02.10.2024 12:40",
                    "mnozstvo_zvyhodnene": "0",
                    "mnozstvo_nasobky": false,
                    "zlava_na_kartu": false,
                    "price_30days": ""
                },
                {
                    "_id": "64f80f4ce2535c02f90175f4",
                    "sku": "6012",
                    "store": "511",
                    "ean": "286012",
                    "category": "ŠPECIALITY (SEKANÁ, JATERNICE,",
                    "name": "Pochúťka Oravská cca 900g",
                    "price": "0.96",
                    "unit_price": "9.640",
                    "sale_price": "",
                    "sale_unit_price": "0.000",
                    "coop_card_price": "",
                    "coop_card_unit_price": "0.000",
                    "unit_price_ratio": "1.000",
                    "unit_measure": "100g",
                    "unit_price_unit_measure": "kg",
                    "discount_percentage": "0.00",
                    "package": "1.00",
                    "supplier": "DIAMON Slovakia, s.r.o.",
                    "description": "mäkký mäsový výrobok",
                    "grade": "mäkký mäsový výrobok",
                    "alergens": "obsahuje alergény č. 1,3,7,8,11",
                    "action_type": "CV150",
                    "pricelist_name": "",
                    "price_valid_from": "01.10.2024 04:57",
                    "price_valid_to": "08.10.2024 23:59",
                    "valid": "1",
                    "dual_price": "",
                    "supplier_city": "Poprad",
                    "product_group": "13",
                    "category_coop": "1.3.1.2.09",
                    "manufacturer_number": "3521",
                    "manufacturer": "DIAMON Slovakia, s.r.o.",
                    "manufacturer_city": "Poprad",
                    "brand": "",
                    "consumption_date": "",
                    "rp_price": "",
                    "typ_template": "masove_vyrobky",
                    "typ_action": "dnc",
                    "template": "default",
                    "tempo": true,
                    "createdAt": "2024-02-02T03:58:01.687Z",
                    "updatedAt": "2024-10-02T10:32:33.366Z",
                    "isPackaged": true,
                    "expiration_date": "04.10.2024 12:40",
                    "expiration_date_ts": "1728038400",
                    "open_date": "02.10.2024 12:40",
                    "mnozstvo_zvyhodnene": "0",
                    "mnozstvo_nasobky": false,
                    "zlava_na_kartu": false,
                    "price_30days": "1.14"
                },
                {
                    "_id": "64f80f4ae2535c02f90171d1",
                    "sku": "3609",
                    "store": "511",
                    "ean": "283609",
                    "category": "SALÁMY A KLOBÁSY",
                    "name": "Saláma jemná",
                    "price": "0.54",
                    "unit_price": "5.360",
                    "sale_price": "",
                    "sale_unit_price": "0.000",
                    "coop_card_price": "",
                    "coop_card_unit_price": "0.000",
                    "unit_price_ratio": "1.000",
                    "unit_measure": "100g",
                    "unit_price_unit_measure": "kg",
                    "discount_percentage": "0.00",
                    "package": "1.00",
                    "supplier": "Krásno Slovakia,s.r.o.",
                    "description": "mäkký mäsový výrobok",
                    "grade": "mäkký mäsový výrobok",
                    "alergens": "neobsahuje alergény",
                    "action_type": "",
                    "pricelist_name": "",
                    "price_valid_from": "21.08.2024 10:13",
                    "price_valid_to": "",
                    "valid": "1",
                    "dual_price": "",
                    "supplier_city": "Púchov",
                    "product_group": "13",
                    "category_coop": "1.3.1.1.01",
                    "manufacturer_number": "2500",
                    "manufacturer": "Krásno Slovakia,s.r.o.",
                    "manufacturer_city": "Púchov",
                    "brand": "",
                    "consumption_date": "",
                    "rp_price": "",
                    "typ_template": "masove_vyrobky",
                    "typ_action": "",
                    "template": "default",
                    "tempo": true,
                    "createdAt": "2023-10-16T08:39:29.542Z",
                    "updatedAt": "2024-10-02T10:32:25.432Z",
                    "isPackaged": true,
                    "expiration_date": "04.10.2024 12:40",
                    "expiration_date_ts": "1728038400",
                    "open_date": "02.10.2024 12:40",
                    "mnozstvo_zvyhodnene": "0",
                    "mnozstvo_nasobky": false,
                    "zlava_na_kartu": false,
                    "price_30days": ""
                },
                {
                    "_id": "64f80f4ae2535c02f9017236",
                    "sku": "3899",
                    "store": "511",
                    "ean": "283899",
                    "category": "SALÁMY A KLOBÁSY",
                    "name": "Saláma bravčová chudá",
                    "price": "0.92",
                    "unit_price": "9.230",
                    "sale_price": "",
                    "sale_unit_price": "0.000",
                    "coop_card_price": "",
                    "coop_card_unit_price": "0.000",
                    "unit_price_ratio": "1.000",
                    "unit_measure": "100g",
                    "unit_price_unit_measure": "kg",
                    "discount_percentage": "0.00",
                    "package": "1.00",
                    "supplier": "MECOM GROUP s.r.o.",
                    "description": "mäkký mäsový výrobok,bezgluténový",
                    "grade": "mäkký mäsový výrobok,bezgluténový",
                    "alergens": "neobsahuje alergény",
                    "action_type": "",
                    "pricelist_name": "",
                    "price_valid_from": "21.08.2024 10:13",
                    "price_valid_to": "",
                    "valid": "1",
                    "dual_price": "",
                    "supplier_city": "Humenné",
                    "product_group": "13",
                    "category_coop": "1.3.1.2.01",
                    "manufacturer_number": "2861",
                    "manufacturer": "MECOM GROUP s.r.o.",
                    "manufacturer_city": "Humenné",
                    "brand": "",
                    "consumption_date": "",
                    "rp_price": "",
                    "typ_template": "masove_vyrobky",
                    "typ_action": "",
                    "template": "default",
                    "tempo": true,
                    "createdAt": "2023-12-14T03:39:26.222Z",
                    "updatedAt": "2024-10-02T10:32:14.799Z",
                    "isPackaged": true,
                    "expiration_date": "04.10.2024 12:40",
                    "expiration_date_ts": "1728038400",
                    "open_date": "02.10.2024 12:40",
                    "mnozstvo_zvyhodnene": "0",
                    "mnozstvo_nasobky": false,
                    "zlava_na_kartu": false,
                    "price_30days": ""
                },
                {
                    "_id": "64f80f4ce2535c02f901767e",
                    "sku": "6246",
                    "store": "511",
                    "ean": "286246",
                    "category": "ŠUNKA",
                    "name": "COOP Šunka morčacia TK",
                    "price": "0.78",
                    "unit_price": "7.800",
                    "sale_price": "",
                    "sale_unit_price": "0.000",
                    "coop_card_price": "",
                    "coop_card_unit_price": "0.000",
                    "unit_price_ratio": "1.000",
                    "unit_measure": "100g",
                    "unit_price_unit_measure": "kg",
                    "discount_percentage": "0.00",
                    "package": "8.00",
                    "supplier": "HYZA a.s.",
                    "description": "tepelne opracované solené mäso",
                    "grade": "tepelne opracované solené mäso",
                    "alergens": "neobsahuje alergény",
                    "action_type": "2499T",
                    "pricelist_name": "",
                    "price_valid_from": "26.09.2024 05:11",
                    "price_valid_to": "31.12.2024 23:59",
                    "valid": "1",
                    "dual_price": "",
                    "supplier_city": "Topoľčany",
                    "product_group": "13",
                    "category_coop": "1.3.1.2.03",
                    "manufacturer_number": "535",
                    "manufacturer": "HYZA a.s.",
                    "manufacturer_city": "Topoľčany",
                    "brand": "A",
                    "consumption_date": "",
                    "rp_price": "",
                    "typ_template": "masove_vyrobky",
                    "typ_action": "vlastna_znacka",
                    "template": "default",
                    "tempo": true,
                    "createdAt": "2024-01-25T03:13:08.194Z",
                    "updatedAt": "2024-10-02T10:32:03.209Z",
                    "isPackaged": true,
                    "expiration_date": "04.10.2024 12:40",
                    "expiration_date_ts": "1728038400",
                    "open_date": "02.10.2024 12:40",
                    "mnozstvo_zvyhodnene": "0",
                    "mnozstvo_nasobky": false,
                    "zlava_na_kartu": false,
                    "price_30days": "1.01"
                },
                {
                    "_id": "64f80f4ce2535c02f901767a",
                    "sku": "6244",
                    "store": "511",
                    "ean": "286244",
                    "category": "ŠUNKA",
                    "name": "COOP Šunka kuracia",
                    "price": "0.71",
                    "unit_price": "7.100",
                    "sale_price": "",
                    "sale_unit_price": "0.000",
                    "coop_card_price": "",
                    "coop_card_unit_price": "0.000",
                    "unit_price_ratio": "1.000",
                    "unit_measure": "100g",
                    "unit_price_unit_measure": "kg",
                    "discount_percentage": "0.00",
                    "package": "8.00",
                    "supplier": "HYZA a.s.",
                    "description": "tep. opr. sol. mäso",
                    "grade": "tep. opr. sol. mäso",
                    "alergens": "neobsahuje alergény",
                    "action_type": "2499T",
                    "pricelist_name": "",
                    "price_valid_from": "21.08.2024 10:13",
                    "price_valid_to": "31.12.2024 23:59",
                    "valid": "1",
                    "dual_price": "",
                    "supplier_city": "Topoľčany",
                    "product_group": "13",
                    "category_coop": "1.3.1.2.03",
                    "manufacturer_number": "535",
                    "manufacturer": "HYZA a.s.",
                    "manufacturer_city": "Topoľčany",
                    "brand": "A",
                    "consumption_date": "",
                    "rp_price": "",
                    "typ_template": "masove_vyrobky",
                    "typ_action": "vlastna_znacka",
                    "template": "default",
                    "tempo": true,
                    "createdAt": "2024-01-25T03:13:08.194Z",
                    "updatedAt": "2024-10-02T10:31:56.025Z",
                    "isPackaged": true,
                    "expiration_date": "04.10.2024 12:40",
                    "expiration_date_ts": "1728038400",
                    "open_date": "02.10.2024 12:40",
                    "mnozstvo_zvyhodnene": "0",
                    "mnozstvo_nasobky": false,
                    "zlava_na_kartu": false,
                    "price_30days": "0.84"
                },
                {
                    "_id": "64f80f4be2535c02f901752f",
                    "sku": "5435",
                    "store": "511",
                    "ean": "285435",
                    "category": "PÁRKY",
                    "name": "Špekačky špeciál 80% OA cca 1500g",
                    "price": "0.95",
                    "unit_price": "9.500",
                    "sale_price": "",
                    "sale_unit_price": "0.000",
                    "coop_card_price": "",
                    "coop_card_unit_price": "0.000",
                    "unit_price_ratio": "1.000",
                    "unit_measure": "100g",
                    "unit_price_unit_measure": "kg",
                    "discount_percentage": "0.00",
                    "package": "1.00",
                    "supplier": "MECOM GROUP s.r.o.",
                    "description": "bezglutén. mäk.mäs. výrobok",
                    "grade": "bezglutén. mäk.mäs. výrobok",
                    "alergens": "obsahuje:alergény č. 6,9,10",
                    "action_type": "2404T",
                    "pricelist_name": "",
                    "price_valid_from": "01.10.2024 04:57",
                    "price_valid_to": "31.12.2024 23:59",
                    "valid": "1",
                    "dual_price": "",
                    "supplier_city": "Humenné",
                    "product_group": "13",
                    "category_coop": "1.3.1.1.02",
                    "manufacturer_number": "2861",
                    "manufacturer": "MECOM GROUP s.r.o.",
                    "manufacturer_city": "Humenné",
                    "brand": "",
                    "consumption_date": "",
                    "rp_price": "",
                    "typ_template": "masove_vyrobky",
                    "typ_action": "dnc",
                    "template": "default",
                    "tempo": true,
                    "createdAt": "2024-01-09T04:10:17.067Z",
                    "updatedAt": "2024-10-02T10:30:23.461Z",
                    "isPackaged": true,
                    "expiration_date": "04.10.2024 12:38",
                    "expiration_date_ts": "1728038280",
                    "open_date": "02.10.2024 12:38",
                    "mnozstvo_zvyhodnene": "0",
                    "mnozstvo_nasobky": false,
                    "zlava_na_kartu": false,
                    "price_30days": "1.17"
                },
                {
                    "_id": "64f80f4ae2535c02f9017229",
                    "sku": "3869",
                    "store": "511",
                    "ean": "283869",
                    "category": "PÁRKY",
                    "name": "Párky obyčajné OA",
                    "price": "0.67",
                    "unit_price": "6.700",
                    "sale_price": "",
                    "sale_unit_price": "0.000",
                    "coop_card_price": "",
                    "coop_card_unit_price": "0.000",
                    "unit_price_ratio": "1.000",
                    "unit_measure": "100g",
                    "unit_price_unit_measure": "kg",
                    "discount_percentage": "0.00",
                    "package": "1.00",
                    "supplier": "MECOM GROUP s.r.o.",
                    "description": "mäkký mäsový bezgl.výrobok",
                    "grade": "mäkký mäsový bezgl.výrobok",
                    "alergens": "neobsahuje alergény",
                    "action_type": "",
                    "pricelist_name": "",
                    "price_valid_from": "22.08.2024 04:33",
                    "price_valid_to": "",
                    "valid": "1",
                    "dual_price": "",
                    "supplier_city": "Humenné",
                    "product_group": "13",
                    "category_coop": "1.3.1.1.02",
                    "manufacturer_number": "2861",
                    "manufacturer": "MECOM GROUP s.r.o.",
                    "manufacturer_city": "Humenné",
                    "brand": "",
                    "consumption_date": "",
                    "rp_price": "",
                    "typ_template": "masove_vyrobky",
                    "typ_action": "",
                    "template": "default",
                    "tempo": true,
                    "createdAt": "2024-01-25T03:13:06.793Z",
                    "updatedAt": "2024-10-02T10:30:09.955Z",
                    "isPackaged": true,
                    "expiration_date": "04.10.2024 12:38",
                    "expiration_date_ts": "1728038280",
                    "open_date": "02.10.2024 12:38",
                    "mnozstvo_zvyhodnene": "0",
                    "mnozstvo_nasobky": false,
                    "zlava_na_kartu": false,
                    "price_30days": ""
                },
                {
                    "_id": "64f80f4ae2535c02f90170e3",
                    "sku": "3138",
                    "store": "511",
                    "ean": "283138",
                    "category": "PÁRKY",
                    "name": "Párky Zipser cca 1100g",
                    "price": "1.29",
                    "unit_price": "12.900",
                    "sale_price": "",
                    "sale_unit_price": "0.000",
                    "coop_card_price": "",
                    "coop_card_unit_price": "0.000",
                    "unit_price_ratio": "1.000",
                    "unit_measure": "100g",
                    "unit_price_unit_measure": "kg",
                    "discount_percentage": "0.00",
                    "package": "1.00",
                    "supplier": "TAURIS, a.s.",
                    "description": "mäkký mäsový výrobok",
                    "grade": "mäkký mäsový výrobok",
                    "alergens": "neobsahuje alergény",
                    "action_type": "2404T",
                    "pricelist_name": "",
                    "price_valid_from": "01.10.2024 04:57",
                    "price_valid_to": "16.10.2024 23:59",
                    "valid": "1",
                    "dual_price": "",
                    "supplier_city": "Rimavská Sobota",
                    "product_group": "13",
                    "category_coop": "1.3.1.2.02",
                    "manufacturer_number": "2688",
                    "manufacturer": "TAURIS, a.s.",
                    "manufacturer_city": "Rimavská Sobota",
                    "brand": "",
                    "consumption_date": "",
                    "rp_price": "",
                    "typ_template": "masove_vyrobky",
                    "typ_action": "dnc",
                    "template": "default",
                    "tempo": true,
                    "createdAt": "2024-01-25T03:13:06.793Z",
                    "updatedAt": "2024-10-02T10:30:02.222Z",
                    "isPackaged": true,
                    "expiration_date": "04.10.2024 12:38",
                    "expiration_date_ts": "1728038280",
                    "open_date": "02.10.2024 12:38",
                    "mnozstvo_zvyhodnene": "0",
                    "mnozstvo_nasobky": false,
                    "zlava_na_kartu": false,
                    "price_30days": "1.37"
                },
                {
                    "_id": "64f80f4ce2535c02f90175ee",
                    "sku": "6016",
                    "store": "511",
                    "ean": "286016",
                    "category": "PÁRKY",
                    "name": "Párky Diamonky exclusive 90%",
                    "price": "1.00",
                    "unit_price": "9.950",
                    "sale_price": "",
                    "sale_unit_price": "0.000",
                    "coop_card_price": "",
                    "coop_card_unit_price": "0.000",
                    "unit_price_ratio": "1.000",
                    "unit_measure": "100g",
                    "unit_price_unit_measure": "kg",
                    "discount_percentage": "0.00",
                    "package": "1.00",
                    "supplier": "DIAMON Slovakia, s.r.o.",
                    "description": "mäkký mäsový výrobok",
                    "grade": "mäkký mäsový výrobok",
                    "alergens": "obsahuje alergény č. 6,7",
                    "action_type": "CV917",
                    "pricelist_name": "",
                    "price_valid_from": "21.08.2024 10:13",
                    "price_valid_to": "31.12.2024 23:59",
                    "valid": "1",
                    "dual_price": "",
                    "supplier_city": "Poprad",
                    "product_group": "13",
                    "category_coop": "1.3.1.2.02",
                    "manufacturer_number": "3521",
                    "manufacturer": "DIAMON Slovakia, s.r.o.",
                    "manufacturer_city": "Poprad",
                    "brand": "",
                    "consumption_date": "",
                    "rp_price": "",
                    "typ_template": "masove_vyrobky",
                    "typ_action": "dnc",
                    "template": "default",
                    "tempo": true,
                    "createdAt": "2024-01-31T04:20:40.440Z",
                    "updatedAt": "2024-10-02T10:29:08.126Z",
                    "isPackaged": true,
                    "expiration_date": "04.10.2024 12:37",
                    "expiration_date_ts": "1728038220",
                    "open_date": "02.10.2024 12:37",
                    "mnozstvo_zvyhodnene": "0",
                    "mnozstvo_nasobky": false,
                    "zlava_na_kartu": false,
                    "price_30days": "1.48"
                },
                {
                    "_id": "64f80f4ae2535c02f9017226",
                    "sku": "3862",
                    "store": "511",
                    "ean": "283862",
                    "category": "PÁRKY",
                    "name": "Párky Cisárske  97%",
                    "price": "0.89",
                    "unit_price": "8.900",
                    "sale_price": "",
                    "sale_unit_price": "0.000",
                    "coop_card_price": "",
                    "coop_card_unit_price": "0.000",
                    "unit_price_ratio": "1.000",
                    "unit_measure": "100g",
                    "unit_price_unit_measure": "kg",
                    "discount_percentage": "0.00",
                    "package": "1.00",
                    "supplier": "MECOM GROUP s.r.o.",
                    "description": "mäkký mäsový výrobok97%",
                    "grade": "mäkký mäsový výrobok97%",
                    "alergens": "obsahuje:alergény č. 6,7,9,10",
                    "action_type": "2420B",
                    "pricelist_name": "",
                    "price_valid_from": "19.09.2024 04:31",
                    "price_valid_to": "02.10.2024 23:59",
                    "valid": "1",
                    "dual_price": "",
                    "supplier_city": "Humenné",
                    "product_group": "13",
                    "category_coop": "1.3.1.2.02",
                    "manufacturer_number": "2861",
                    "manufacturer": "MECOM GROUP s.r.o.",
                    "manufacturer_city": "Humenné",
                    "brand": "",
                    "consumption_date": "",
                    "rp_price": "",
                    "typ_template": "masove_vyrobky",
                    "typ_action": "akcia",
                    "template": "default",
                    "tempo": true,
                    "createdAt": "2024-01-18T03:09:34.743Z",
                    "updatedAt": "2024-10-02T10:28:55.096Z",
                    "isPackaged": true,
                    "expiration_date": "04.10.2024 12:37",
                    "expiration_date_ts": "1728038220",
                    "open_date": "02.10.2024 12:37",
                    "mnozstvo_zvyhodnene": "0",
                    "mnozstvo_nasobky": false,
                    "zlava_na_kartu": false,
                    "price_30days": "1.12"
                },
                {
                    "_id": "64f80f4ae2535c02f90172e7",
                    "sku": "4294",
                    "store": "511",
                    "ean": "284294",
                    "category": "SALÁMY A KLOBÁSY",
                    "name": "Pečienka Debrecínska",
                    "price": "1.28",
                    "unit_price": "12.790",
                    "sale_price": "",
                    "sale_unit_price": "0.000",
                    "coop_card_price": "",
                    "coop_card_unit_price": "0.000",
                    "unit_price_ratio": "1.000",
                    "unit_measure": "100g",
                    "unit_price_unit_measure": "kg",
                    "discount_percentage": "0.00",
                    "package": "1.00",
                    "supplier": "DIAMON Slovakia, s.r.o.",
                    "description": "tepelne opracovaný mäsový výrobok",
                    "grade": "tepelne opracovaný mäsový výrobok",
                    "alergens": "obsahuje alergény č.6,10,11",
                    "action_type": "CV150",
                    "pricelist_name": "",
                    "price_valid_from": "01.10.2024 04:57",
                    "price_valid_to": "08.10.2024 23:59",
                    "valid": "1",
                    "dual_price": "",
                    "supplier_city": "Poprad",
                    "product_group": "13",
                    "category_coop": "1.3.1.2.01",
                    "manufacturer_number": "3521",
                    "manufacturer": "DIAMON Slovakia, s.r.o.",
                    "manufacturer_city": "Poprad",
                    "brand": "",
                    "consumption_date": "",
                    "rp_price": "",
                    "typ_template": "masove_vyrobky",
                    "typ_action": "dnc",
                    "template": "default",
                    "tempo": true,
                    "createdAt": "2023-10-16T08:39:32.193Z",
                    "updatedAt": "2024-10-02T09:34:54.419Z",
                    "isPackaged": true,
                    "price_30days": "1.77",
                    "mnozstvo_zvyhodnene": "0",
                    "mnozstvo_nasobky": false,
                    "zlava_na_kartu": false,
                    "expiration_date": "04.10.2024 11:43",
                    "expiration_date_ts": "1728034980",
                    "open_date": "02.10.2024 11:43"
                },
                {
                    "_id": "6560221f0f53bebeb7e5f83e",
                    "sku": "4824",
                    "store": "511",
                    "ean": "284824",
                    "category": "ŠUNKA",
                    "name": "DUO šunka najvyš.kval.s kur.a brav.mäsom cca 2600g",
                    "price": "1.22",
                    "unit_price": "12.190",
                    "sale_price": "",
                    "sale_unit_price": "0.000",
                    "coop_card_price": "",
                    "coop_card_unit_price": "0.000",
                    "unit_price_ratio": "1.000",
                    "unit_measure": "100g",
                    "unit_price_unit_measure": "kg",
                    "discount_percentage": "0.00",
                    "package": "1.00",
                    "supplier": "Krásno Slovakia,s.r.o.",
                    "description": "tep.oprac.mäs.výrobok",
                    "grade": "tep.oprac.mäs.výrobok",
                    "alergens": "neobsahuje alergény",
                    "action_type": "",
                    "pricelist_name": "",
                    "price_valid_from": "26.09.2024 05:11",
                    "price_valid_to": "",
                    "valid": "1",
                    "dual_price": "",
                    "supplier_city": "Púchov",
                    "product_group": "13",
                    "category_coop": "1.3.1.2.03",
                    "manufacturer_number": "2500",
                    "manufacturer": "Krásno Slovakia,s.r.o.",
                    "manufacturer_city": "Púchov",
                    "brand": "",
                    "consumption_date": "",
                    "rp_price": "",
                    "typ_template": "masove_vyrobky",
                    "typ_action": "",
                    "isPackaged": true,
                    "template": "default",
                    "tempo": true,
                    "createdAt": "2023-12-21T04:11:30.718Z",
                    "updatedAt": "2024-10-02T09:34:27.316Z",
                    "expiration_date": "04.10.2024 11:42",
                    "expiration_date_ts": "1728034920",
                    "open_date": "02.10.2024 11:42",
                    "mnozstvo_zvyhodnene": "0",
                    "mnozstvo_nasobky": false,
                    "zlava_na_kartu": false,
                    "price_30days": ""
                },
                {
                    "_id": "64f80f4be2535c02f9017383",
                    "sku": "4773",
                    "store": "511",
                    "ean": "284773",
                    "category": "ŠUNKA",
                    "name": "Šunka detská výberová",
                    "price": "0.89",
                    "unit_price": "8.880",
                    "sale_price": "",
                    "sale_unit_price": "0.000",
                    "coop_card_price": "",
                    "coop_card_unit_price": "0.000",
                    "unit_price_ratio": "1.000",
                    "unit_measure": "100g",
                    "unit_price_unit_measure": "kg",
                    "discount_percentage": "0.00",
                    "package": "1.00",
                    "supplier": "DIAMON Slovakia, s.r.o.",
                    "description": "tep.oprac.solené mäso",
                    "grade": "tep.oprac.solené mäso",
                    "alergens": "neobsahuje alergény",
                    "action_type": "CV917",
                    "pricelist_name": "",
                    "price_valid_from": "21.08.2024 10:13",
                    "price_valid_to": "31.12.2024 23:59",
                    "valid": "1",
                    "dual_price": "",
                    "supplier_city": "Poprad",
                    "product_group": "13",
                    "category_coop": "1.3.1.2.03",
                    "manufacturer_number": "3521",
                    "manufacturer": "DIAMON Slovakia, s.r.o.",
                    "manufacturer_city": "Poprad",
                    "brand": "",
                    "consumption_date": "",
                    "rp_price": "",
                    "typ_template": "masove_vyrobky",
                    "typ_action": "dnc",
                    "template": "default",
                    "tempo": true,
                    "createdAt": "2024-02-01T04:03:43.687Z",
                    "updatedAt": "2024-10-02T09:34:14.901Z",
                    "isPackaged": true,
                    "expiration_date": "04.10.2024 11:42",
                    "expiration_date_ts": "1728034920",
                    "open_date": "02.10.2024 11:42",
                    "mnozstvo_zvyhodnene": "0",
                    "mnozstvo_nasobky": false,
                    "zlava_na_kartu": false,
                    "price_30days": "1.38"
                },
                {
                    "_id": "64f80f4be2535c02f9017530",
                    "sku": "5428",
                    "store": "511",
                    "ean": "285428",
                    "category": "ŠUNKA",
                    "name": "Šunka najvyššej kvality Amálka",
                    "price": "0.90",
                    "unit_price": "9.000",
                    "sale_price": "",
                    "sale_unit_price": "0.000",
                    "coop_card_price": "",
                    "coop_card_unit_price": "0.000",
                    "unit_price_ratio": "1.000",
                    "unit_measure": "100g",
                    "unit_price_unit_measure": "kg",
                    "discount_percentage": "0.00",
                    "package": "1.00",
                    "supplier": "Krásno Slovakia,s.r.o.",
                    "description": "tep.opr.mäsový výrobok 92%",
                    "grade": "tep.opr.mäsový výrobok 92%",
                    "alergens": "neobsahuje alergény",
                    "action_type": "2491D",
                    "pricelist_name": "",
                    "price_valid_from": "12.09.2024 05:07",
                    "price_valid_to": "02.10.2024 23:59",
                    "valid": "1",
                    "dual_price": "",
                    "supplier_city": "Púchov",
                    "product_group": "13",
                    "category_coop": "1.3.1.2.03",
                    "manufacturer_number": "2500",
                    "manufacturer": "Krásno Slovakia,s.r.o.",
                    "manufacturer_city": "Púchov",
                    "brand": "",
                    "consumption_date": "",
                    "rp_price": "",
                    "typ_template": "masove_vyrobky",
                    "typ_action": "akcia",
                    "template": "default",
                    "tempo": true,
                    "createdAt": "2024-01-25T03:13:07.468Z",
                    "updatedAt": "2024-10-02T09:22:25.510Z",
                    "isPackaged": true,
                    "expiration_date": "04.10.2024 11:30",
                    "expiration_date_ts": "1728034200",
                    "open_date": "02.10.2024 11:30",
                    "mnozstvo_zvyhodnene": "0",
                    "mnozstvo_nasobky": false,
                    "zlava_na_kartu": false,
                    "price_30days": "1.25"
                },
                {
                    "_id": "64f80f54e2535c02f90191d9",
                    "sku": "47646",
                    "store": "511",
                    "ean": "8586019509427",
                    "category": "ÚDENÁ SLANINA",
                    "name": "COOP Slanina krájaná OA 100g MD",
                    "price": "1.49",
                    "unit_price": "14.900",
                    "sale_price": "",
                    "sale_unit_price": "0.000",
                    "coop_card_price": "",
                    "coop_card_unit_price": "0.000",
                    "unit_price_ratio": "0.100",
                    "unit_measure": "kg",
                    "unit_price_unit_measure": "kg",
                    "discount_percentage": "0.00",
                    "package": "15.00",
                    "supplier": "MECOM GROUP s.r.o.",
                    "description": "Tepelne opracovaná slanina, údená,bezgluténová",
                    "grade": "Tepelne opracovaná slanina, údená,bezgluténová",
                    "alergens": "",
                    "action_type": "2499T",
                    "pricelist_name": "",
                    "price_valid_from": "02.10.2024 09:57",
                    "price_valid_to": "02.10.2024 23:59",
                    "valid": "1",
                    "dual_price": "",
                    "supplier_city": "Humenné",
                    "product_group": "13",
                    "category_coop": "1.3.1.1.04",
                    "manufacturer_number": "2861",
                    "manufacturer": "MECOM GROUP s.r.o.",
                    "manufacturer_city": "Humenné",
                    "brand": "D",
                    "consumption_date": "",
                    "rp_price": "",
                    "typ_template": "masove_vyrobky",
                    "typ_action": "vlastna_znacka",
                    "template": "default",
                    "tempo": true,
                    "createdAt": "2024-01-31T05:22:56.914Z",
                    "updatedAt": "2024-10-02T07:57:47.200Z",
                    "isPackaged": true,
                    "mnozstvo_zvyhodnene": "0",
                    "mnozstvo_nasobky": false,
                    "zlava_na_kartu": false,
                    "price_30days": "1.67"
                },
                {
                    "_id": "64f80f4ae2535c02f9017256",
                    "sku": "3928",
                    "store": "511",
                    "ean": "283928",
                    "category": "SALÁMY A KLOBÁSY",
                    "name": "Torrero saláma cca 1700g",
                    "price": "1.09",
                    "unit_price": "10.900",
                    "sale_price": "",
                    "sale_unit_price": "0.000",
                    "coop_card_price": "",
                    "coop_card_unit_price": "0.000",
                    "unit_price_ratio": "1.000",
                    "unit_measure": "100g",
                    "unit_price_unit_measure": "kg",
                    "discount_percentage": "0.00",
                    "package": "1.00",
                    "supplier": "MECOM GROUP s.r.o.",
                    "description": "trvan.tep.neoprac.mäs.výrobok",
                    "grade": "trvan.tep.neoprac.mäs.výrobok",
                    "alergens": "obsahuje: alergény č. 7",
                    "action_type": "BR243",
                    "pricelist_name": "",
                    "price_valid_from": "25.09.2024 05:10",
                    "price_valid_to": "15.10.2024 23:59",
                    "valid": "1",
                    "dual_price": "",
                    "supplier_city": "Humenné",
                    "product_group": "13",
                    "category_coop": "1.3.1.2.01",
                    "manufacturer_number": "2861",
                    "manufacturer": "MECOM GROUP s.r.o.",
                    "manufacturer_city": "Humenné",
                    "brand": "",
                    "consumption_date": "",
                    "rp_price": "",
                    "typ_template": "masove_vyrobky",
                    "typ_action": "akcia",
                    "template": "default",
                    "tempo": true,
                    "createdAt": "2023-12-11T10:51:42.722Z",
                    "updatedAt": "2024-10-02T07:15:36.675Z",
                    "isPackaged": true,
                    "expiration_date": "08.10.2024 09:23",
                    "expiration_date_ts": "1728372180",
                    "open_date": "02.10.2024 09:23",
                    "mnozstvo_zvyhodnene": "0",
                    "mnozstvo_nasobky": false,
                    "zlava_na_kartu": false,
                    "price_30days": "1.31"
                }
            ]
        }
    ]
}